<?xml version="1.0" encoding="UTF-8"?><collection xmlns="http://www.loc.gov/MARC21/slim"><record><leader>00506nam--2200181-u-4500</leader><controlfield tag="001">000056125</controlfield><controlfield tag="002">20161230</controlfield><controlfield tag="005">20161230201052</controlfield><controlfield tag="008">141210s1000------------r-----000-0-rus-d</controlfield><datafield ind1=" " ind2=" " tag="040"><subfield code="a">IFIN-HH</subfield></datafield><datafield ind1=" " ind2=" " tag="041"><subfield code="a">rus</subfield></datafield><datafield ind1=" " ind2=" " tag="080"><subfield code="a">520.27(081.3)</subfield></datafield><datafield ind1="1" ind2=" " tag="110"><subfield code="a">Akademia Nauk Latvii</subfield></datafield><datafield ind1="1" ind2="0" tag="245"><subfield code="a">Konstruktii zerkalinih antenn</subfield><subfield code="b">Mirror antennae constructions 1 papers of urss riga meeting</subfield></datafield><datafield ind1=" " ind2=" " tag="260"><subfield code="a">Riga</subfield><subfield code="b">Akademia Nauk Latvii</subfield><subfield code="c">1990</subfield></datafield><datafield ind1=" " ind2=" " tag="300"><subfield code="a">239P</subfield></datafield><datafield ind1=" " ind2=" " tag="852"><subfield code="a">79473</subfield><subfield code="c">523.164</subfield></datafield><datafield ind1=" " ind2=" " tag="CAT"><subfield code="a">Sys</subfield><subfield code="c">20141210</subfield><subfield code="h">184649</subfield></datafield></record></collection>